
@article{lloret_text_2012,
	title = {Text summarisation in progress: a literature review},
	volume = {37},
	issn = {1573-7462},
	url = {https://doi.org/10.1007/s10462-011-9216-z},
	doi = {10.1007/s10462-011-9216-z},
	number = {1},
	journal = {Artificial Intelligence Review},
	author = {Lloret, Elena and Palomar, Manuel},
	month = jan,
	year = {2012},
	pages = {1--41}
}