
@misc{information_national_nodate,
	title = {National {Center} for {Biotechnology} {Information}},
	url = {https://www.ncbi.nlm.nih.gov/},
	language = {en},
	urldate = {2019-05-09},
	author = {Information, National Center for Biotechnology and Pike, U. S. National Library of Medicine 8600 Rockville and MD, Bethesda and Usa, 20894},
	file = {Snapshot:files/143/www.ncbi.nlm.nih.gov.html:text/html}
}