
@article{blei_latent_2003,
	title = {Latent {Dirichlet} {Allocation}},
	volume = {3},
	issn = {ISSN 1533-7928},
	url = {http://www.jmlr.org/papers/v3/blei03a.html},
	number = {Jan},
	urldate = {2019-04-29},
	journal = {Journal of Machine Learning Research},
	author = {Blei, David M. and Ng, Andrew Y. and Jordan, Michael I.},
	year = {2003},
	pages = {993--1022},
	file = {Full Text PDF:files/116/Blei et al. - 2003 - Latent Dirichlet Allocation.pdf:application/pdf;Snapshot:files/117/blei03a.html:text/html}
}