
@incollection{hoffman_online_2010,
	title = {Online {Learning} for {Latent} {Dirichlet} {Allocation}},
	url = {http://papers.nips.cc/paper/3902-online-learning-for-latent-dirichlet-allocation.pdf},
	urldate = {2019-04-19},
	booktitle = {Advances in {Neural} {Information} {Processing} {Systems} 23},
	publisher = {Curran Associates, Inc.},
	author = {Hoffman, Matthew and Bach, Francis R. and Blei, David M.},
	editor = {Lafferty, J. D. and Williams, C. K. I. and Shawe-Taylor, J. and Zemel, R. S. and Culotta, A.},
	year = {2010},
	pages = {856--864},
	file = {NIPS Snapshot:files/101/3902-online-learning-for-latentdirichlet-allocation!.html:text/html}
}