
@article{xu_retracted_2013,
	title = {{RETRACTED} {ARTICLE}: {Integrated} gene network analysis and text mining revealing {PIK}3R1 regulated by {miR}-127 in human bladder cancer},
	volume = {18},
	issn = {2047-783X},
	url = {https://doi.org/10.1186/2047-783X-18-29},
	doi = {10.1186/2047-783X-18-29},
	number = {1},
	journal = {European Journal of Medical Research},
	author = {Xu, Yahong and Luo, Shunwen and Liu, Yang and Li, Jian and Lu, Yi and Jia, Zhigang and Zhao, Qihua and Ma, Xiaoping and Yang, Minghui and Zhao, Yue and Chen, Ping and Guo, Yu},
	month = sep,
	year = {2013},
	pages = {29}
}