
@article{twinandilla_2018,
	series = {The 3rd {International} {Conference} on {Computer} {Science} and {Computational} {Intelligence} ({ICCSCI} 2018) : {Empowering} {Smart} {Technology} in {Digital} {Era} for a {Better} {Life}},
	title = {Multi-{Document} {Summarization} {Using} {K}-{Means} and {Latent} {Dirichlet} {Allocation} ({LDA}) â€“ {Significance} {Sentences}},
	volume = {135},
	issn = {1877-0509},
	url = {http://www.sciencedirect.com/science/article/pii/S1877050918315138},
	doi = {10.1016/j.procs.2018.08.220},
	urldate = {2019-04-29},
	journal = {Procedia Computer Science},
	author = {Twinandilla, Shiva and Adhy, Satriyo and Surarso, Bayu and Kusumaningrum, Retno},
	month = jan,
	year = {2018},
	keywords = {K-Means, Latent Dirichlet Allocation, Multi-Document Summarization, Online News, ROUGE-1, Significance Sentences, Yellow Journalism},
	pages = {663--670},
	file = {ScienceDirect Full Text PDF:files/110/Twinandilla et al. - 2018 - Multi-Document Summarization Using K-Means and Lat.pdf:application/pdf;ScienceDirect Snapshot:files/109/S1877050918315138.html:text/html}
}