
@misc{noauthor_ensembl_nodate,
	title = {Ensembl genome browser 96},
	url = {https://www.ensembl.org/index.html},
	urldate = {2019-06-02},
	file = {Ensembl genome browser 96:files/168/index.html:text/html}
}