
@article{djatna_intuitionistic_2018,
	title = {An intuitionistic fuzzy diagnosis analytics for stroke disease},
	volume = {5},
	issn = {2196-1115},
	url = {https://journalofbigdata.springeropen.com/articles/10.1186/s40537-018-0142-7},
	doi = {10.1186/s40537-018-0142-7},
	language = {en},
	number = {1},
	urldate = {2019-04-07},
	journal = {Journal of Big Data},
	author = {Djatna, Taufik and Hardhienata, Medria Kusuma Dewi and Masruriyah, Anis Fitri Nur},
	month = dec,
	year = {2018},
	pages = {35},
	file = {Djatna et al. - 2018 - An intuitionistic fuzzy diagnosis analytics for st.pdf:files/36/Djatna et al. - 2018 - An intuitionistic fuzzy diagnosis analytics for st.pdf:application/pdf}
}