
@article{lu_2016,
	title = {Modeling healthcare data using multiple-channel latent {Dirichlet} allocation},
	volume = {60},
	issn = {1532-0464},
	url = {http://www.sciencedirect.com/science/article/pii/S1532046416000253},
	doi = {10.1016/j.jbi.2016.02.003},
	urldate = {2019-04-29},
	journal = {Journal of Biomedical Informatics},
	author = {Lu, Hsin-Min and Wei, Chih-Ping and Hsiao, Fei-Yuan},
	month = apr,
	year = {2016},
	keywords = {Diagnosis prediction, Diagnosisâ€“medication associations, Health informatics, Healthcare data mining, Medication prediction, Multiple-channel latent Dirichlet allocation},
	pages = {210--223},
	file = {ScienceDirect Full Text PDF:files/114/Lu et al. - 2016 - Modeling healthcare data using multiple-channel la.pdf:application/pdf;ScienceDirect Snapshot:files/113/S1532046416000253.html:text/html}
}