
@misc{noauthor_ncbi_nodate,
	title = {{NCBI} {BLAST} {\textless} {Sequence} {Similarity} {Searching} {\textless} {EMBL}-{EBI}},
	url = {https://www.ebi.ac.uk/Tools/sss/ncbiblast/nucleotide.html},
	urldate = {2019-06-06},
	file = {NCBI BLAST < Sequence Similarity Searching < EMBL-EBI:files/171/nucleotide.html:text/html}
}