
@article{himmel_text_nodate,
	title = {Text {Mining} zur {Analyse} der {Anfragen} an ein medizinisches {Expertenforum}},
	language = {de},
	journal = {Text Mining},
	author = {Himmel, Wolfgang and Kroll, Frank},
	pages = {12},
	file = {Himmel und Kroll - Text Mining zur Analyse der Anfragen an ein medizi.pdf:files/2/Himmel und Kroll - Text Mining zur Analyse der Anfragen an ein medizi.pdf:application/pdf}
}

@misc{noauthor_befund_nodate,
	title = {Befund vom {Arzt} nicht verstanden?},
	url = {https://www.stiftung-gesundheitswissen.de/gesundes-leben/patient-arzt/befund-vom-arzt-nicht-verstanden},
	language = {de},
	urldate = {2019-03-30},
	journal = {Stiftung Gesundheitswissen},
	file = {Snapshot:files/6/befund-vom-arzt-nicht-verstanden.html:text/html}
}

@misc{e.v_zed:_nodate,
	title = {{ZED}: {Datenbank} zur zentralen {Erfassung} gegenüber krebserzeugenden {Stoffen} exponierter {Beschäftigter} ({ZED})},
	shorttitle = {{ZED}},
	url = {https://www.dguv.de/ifa/gestis/zentrale-expositionsdatenbank-(zed)/index.jsp},
	language = {DE},
	urldate = {2019-04-01},
	author = {e.V, Deutsche Gesetzliche Unfallversicherung},
	file = {Snapshot:files/9/index.html:text/html}
}

@misc{noauthor_bls_nodate,
	title = {{BLS}},
	url = {https://www.blsdb.de/bls?background},
	urldate = {2019-04-01},
	file = {BLS:files/11/bls.html:text/html}
}

@article{gao_role_nodate,
	title = {Role of melatonin in sleep deprivation-induced intestinal barrier dysfunction in mice},
	volume = {0},
	copyright = {This article is protected by copyright. All rights reserved.},
	issn = {1600-079X},
	url = {https://onlinelibrary.wiley.com/doi/abs/10.1111/jpi.12574},
	doi = {10.1111/jpi.12574},
	language = {en},
	number = {ja},
	urldate = {2019-04-01},
	journal = {Journal of Pineal Research},
	author = {Gao, Ting and Wang, Zixu and Dong, Yulan and Cao, Jing and Lin, Rutao and Wang, Xintong and Yu, Zhengquan and Chen, Yaoxing},
	keywords = {gut microbiota dysbiosis, intestinal mucosal injury, melatonin, oxidative stress, sleep deprivation},
	pages = {e12574},
	file = {Snapshot:files/13/jpi.html:text/html}
}

@article{plessz_poverty_2019,
	title = {Poverty does not modify the association between perceived diet healthiness and adherence to nutritional guidelines in the {Constances} cohort ({France})},
	issn = {1095-8304},
	doi = {10.1016/j.appet.2019.03.028},
	language = {eng},
	journal = {Appetite},
	author = {Plessz, Marie and Kesse-Guyot, Emmanuelle and Zins, Marie and Matta, Joane and Czernichow, Sébastien},
	month = mar,
	year = {2019},
	pmid = {30928517},
	keywords = {Diet perception, Nutritional guidelines, Poverty, Prospective cohort, Qualitative food frequency questionnaire, Socioeconomic status}
}

@article{aarseth_working_2017,
	title = {‘{Working} is out of the question’: a qualitative text analysis of medical certificates of disability},
	volume = {18},
	issn = {1471-2296},
	shorttitle = {‘{Working} is out of the question’},
	url = {http://bmcfampract.biomedcentral.com/articles/10.1186/s12875-017-0627-z},
	doi = {10.1186/s12875-017-0627-z},
	language = {en},
	number = {1},
	urldate = {2019-04-06},
	journal = {BMC Family Practice},
	author = {Aarseth, Guri and Natvig, Bård and Engebretsen, Eivind and Lie, Anne Kveim},
	month = dec,
	year = {2017},
	file = {Aarseth et al. - 2017 - ‘Working is out of the question’ a qualitative te.pdf:files/17/Aarseth et al. - 2017 - ‘Working is out of the question’ a qualitative te.pdf:application/pdf}
}

@article{li_retraction_2015,
	title = {Retraction {Note} to: {Text} mining and network analysis of molecular interaction in non-small cell lung cancer by using natural language processing},
	volume = {42},
	issn = {0301-4851, 1573-4978},
	shorttitle = {Retraction {Note} to},
	url = {http://link.springer.com/10.1007/s11033-015-3908-4},
	doi = {10.1007/s11033-015-3908-4},
	language = {en},
	number = {10},
	urldate = {2019-04-06},
	journal = {Molecular Biology Reports},
	author = {Li, Jun and Bi, Lintao and Sun, Yanxia and Lu, Zhenxia and Lin, Yumei and Bai, Ou and Shao, Hui},
	month = oct,
	year = {2015},
	pages = {1489--1489},
	file = {Li et al. - 2015 - Retraction Note to Text mining and network analys.pdf:files/19/Li et al. - 2015 - Retraction Note to Text mining and network analys.pdf:application/pdf}
}

@article{jurca_integrating_2016,
	title = {Integrating text mining, data mining, and network analysis for identifying genetic breast cancer trends},
	volume = {9},
	issn = {1756-0500},
	url = {http://bmcresnotes.biomedcentral.com/articles/10.1186/s13104-016-2023-5},
	doi = {10.1186/s13104-016-2023-5},
	language = {en},
	number = {1},
	urldate = {2019-04-06},
	journal = {BMC Research Notes},
	author = {Jurca, Gabriela and Addam, Omar and Aksac, Alper and Gao, Shang and Özyer, Tansel and Demetrick, Douglas and Alhajj, Reda},
	month = dec,
	year = {2016},
	file = {Jurca et al. - 2016 - Integrating text mining, data mining, and network .pdf:files/22/Jurca et al. - 2016 - Integrating text mining, data mining, and network .pdf:application/pdf}
}

@misc{noauthor_biogrid_nodate,
	title = {{BioGRID} {\textbar} {Database} of {Protein}, {Chemical}, and {Genetic} {Interactions}},
	url = {https://thebiogrid.org/},
	urldate = {2019-04-06},
	file = {BioGRID | Database of Protein, Chemical, and Genetic Interactions:files/25/thebiogrid.org.html:text/html}
}

@misc{noauthor_genecards_nodate,
	title = {{GeneCards} - {Human} {Genes} {\textbar} {Gene} {Database} {\textbar} {Gene} {Search}},
	url = {https://www.genecards.org/},
	urldate = {2019-04-06},
	file = {GeneCards - Human Genes | Gene Database | Gene Search:files/27/www.genecards.org.html:text/html}
}

@misc{noauthor_disgenet_nodate,
	title = {{DisGeNET} - a database of gene-disease associations},
	url = {http://www.disgenet.org/browser/0/1/0/C4280572/},
	urldate = {2019-04-06},
	file = {DisGeNET - a database of gene-disease associations:files/29/C4280572.html:text/html}
}

@article{jiang_mir2disease:_2009,
	title = {{miR}2Disease: a manually curated database for {microRNA} deregulation in human disease},
	volume = {37},
	issn = {1362-4962},
	shorttitle = {{miR}2Disease},
	doi = {10.1093/nar/gkn714},
	language = {eng},
	number = {Database issue},
	journal = {Nucleic Acids Research},
	author = {Jiang, Qinghua and Wang, Yadong and Hao, Yangyang and Juan, Liran and Teng, Mingxiang and Zhang, Xinjun and Li, Meimei and Wang, Guohua and Liu, Yunlong},
	month = jan,
	year = {2009},
	pmid = {18927107},
	pmcid = {PMC2686559},
	keywords = {Databases, Nucleic Acid, Disease, Gene Expression Regulation, Humans, MicroRNAs, User-Computer Interface},
	pages = {D98--104},
	file = {Volltext:files/34/Jiang et al. - 2009 - miR2Disease a manually curated database for micro.pdf:application/pdf}
}

@misc{noauthor_cytoscape:_nodate,
	title = {Cytoscape: {An} {Open} {Source} {Platform} for {Complex} {Network} {Analysis} and {Visualization}},
	url = {https://cytoscape.org/},
	urldate = {2019-04-07}
}