% This file was created with Citavi 4.9.6.106


@misc{.13.01.2015,
 author = {{o. V.}},
 year = {13.01.2015},
 title = {Online-Werbung - Statista Dossier},
 url = {http://de.statista.com/statistik/studie/id/6872/dokument/online-werbung-statista-dossier/},
 urldate = {2015-01-14}
}

@book{Backhaus.2011,
 author = {Backhaus, Klaus},
 year = {2011},
 title = {Multivariate Analysemethoden: Eine anwendungsorientierte Einf{\"u}hrung},
 address = {Berlin [u.a.]},
 edition = {13., {\"u}berarb. Aufl.},
 publisher = {Springer},
 isbn = {978-3-642-16490-3},
 series = {Springer-Lehrbuch}
}



