
@article{jurca_integrating_2016,
	title = {Integrating text mining, data mining, and network analysis for identifying genetic breast cancer trends},
	volume = {9},
	issn = {1756-0500},
	url = {http://bmcresnotes.biomedcentral.com/articles/10.1186/s13104-016-2023-5},
	doi = {10.1186/s13104-016-2023-5},
	language = {en},
	number = {1},
	urldate = {2019-04-06},
	journal = {BMC Research Notes},
	author = {Jurca, Gabriela and Addam, Omar and Aksac, Alper and Gao, Shang and Ã–zyer, Tansel and Demetrick, Douglas and Alhajj, Reda},
	month = dec,
	year = {2016},
	file = {Jurca et al. - 2016 - Integrating text mining, data mining, and network .pdf:files/22/Jurca et al. - 2016 - Integrating text mining, data mining, and network .pdf:application/pdf}
}