
@article{gasperskaja_2017,
	title = {The most common technologies and tools for functional genome analysis},
	volume = {24},
	issn = {1392-0138},
	url = {https://www.ncbi.nlm.nih.gov/pmc/articles/PMC5467957/},
	doi = {10.6001/actamedica.v24i1.3457},
	number = {1},
	urldate = {2019-05-09},
	journal = {Acta Medica Lituanica},
	author = {Gasperskaja, Evelina and Kučinskas, Vaidutis},
	year = {2017},
	pmid = {28630587},
	pmcid = {PMC5467957},
	pages = {1--11},
	file = {PubMed Central Full Text PDF:files/141/Gasperskaja und Kučinskas - 2017 - The most common technologies and tools for functio.pdf:application/pdf}
}